[gd_scene load_steps=72 format=2]

[ext_resource path="res://Assets/mobs/big_demon_run_anim_f3.png" type="Texture" id=1]
[ext_resource path="res://Assets/mobs/big_demon_run_anim_f2.png" type="Texture" id=2]
[ext_resource path="res://Assets/mobs/big_demon_run_anim_f0.png" type="Texture" id=3]
[ext_resource path="res://Assets/mobs/big_demon_idle_anim_f2.png" type="Texture" id=4]
[ext_resource path="res://Assets/mobs/big_demon_idle_anim_f0.png" type="Texture" id=5]
[ext_resource path="res://Assets/mobs/big_demon_idle_anim_f3.png" type="Texture" id=6]
[ext_resource path="res://Assets/mobs/big_demon_idle_anim_f1.png" type="Texture" id=7]
[ext_resource path="res://Assets/mobs/big_demon_run_anim_f1.png" type="Texture" id=8]
[ext_resource path="res://Scripts/RunningMobs.gd" type="Script" id=9]
[ext_resource path="res://Scripts/PlayerCollision.gd" type="Script" id=10]
[ext_resource path="res://Assets/mobs/big_demon_idle_anim_f4.png" type="Texture" id=11]
[ext_resource path="res://Assets/particles/explosion_grayscale_49.png" type="Texture" id=12]
[ext_resource path="res://Assets/particles/explosion_grayscale_50.png" type="Texture" id=13]
[ext_resource path="res://Assets/particles/explosion_grayscale_51.png" type="Texture" id=14]
[ext_resource path="res://Assets/particles/explosion_grayscale_52.png" type="Texture" id=15]
[ext_resource path="res://Assets/particles/explosion_grayscale_53.png" type="Texture" id=16]
[ext_resource path="res://Assets/particles/explosion_grayscale_54.png" type="Texture" id=17]
[ext_resource path="res://Assets/particles/explosion_grayscale_38.png" type="Texture" id=18]
[ext_resource path="res://Assets/particles/explosion_grayscale_29.png" type="Texture" id=19]
[ext_resource path="res://Assets/particles/explosion_grayscale_30.png" type="Texture" id=20]
[ext_resource path="res://Assets/particles/explosion_grayscale_33.png" type="Texture" id=21]
[ext_resource path="res://Assets/particles/explosion_grayscale_32.png" type="Texture" id=22]
[ext_resource path="res://Assets/particles/explosion_grayscale_34.png" type="Texture" id=23]
[ext_resource path="res://Assets/particles/explosion_grayscale_35.png" type="Texture" id=24]
[ext_resource path="res://Assets/particles/explosion_grayscale_36.png" type="Texture" id=25]
[ext_resource path="res://Assets/particles/explosion_grayscale_37.png" type="Texture" id=26]
[ext_resource path="res://Assets/particles/explosion_grayscale_31.png" type="Texture" id=27]
[ext_resource path="res://Assets/particles/explosion_grayscale_40.png" type="Texture" id=28]
[ext_resource path="res://Assets/particles/explosion_grayscale_42.png" type="Texture" id=29]
[ext_resource path="res://Assets/particles/explosion_grayscale_43.png" type="Texture" id=30]
[ext_resource path="res://Assets/particles/explosion_grayscale_39.png" type="Texture" id=31]
[ext_resource path="res://Assets/particles/explosion_grayscale_44.png" type="Texture" id=32]
[ext_resource path="res://Assets/particles/explosion_grayscale_45.png" type="Texture" id=33]
[ext_resource path="res://Assets/particles/explosion_grayscale_41.png" type="Texture" id=34]
[ext_resource path="res://Assets/particles/explosion_grayscale_46.png" type="Texture" id=35]
[ext_resource path="res://Assets/particles/explosion_grayscale_47.png" type="Texture" id=36]
[ext_resource path="res://Assets/particles/explosion_grayscale_48.png" type="Texture" id=37]
[ext_resource path="res://Assets/particles/explosion_grayscale_74.png" type="Texture" id=38]
[ext_resource path="res://Assets/particles/explosion_grayscale_76.png" type="Texture" id=39]
[ext_resource path="res://Assets/particles/explosion_grayscale_77.png" type="Texture" id=40]
[ext_resource path="res://Assets/particles/explosion_grayscale_78.png" type="Texture" id=41]
[ext_resource path="res://Assets/particles/explosion_grayscale_73.png" type="Texture" id=42]
[ext_resource path="res://Assets/particles/explosion_grayscale_75.png" type="Texture" id=43]
[ext_resource path="res://Assets/particles/explosion_grayscale_79.png" type="Texture" id=44]
[ext_resource path="res://Assets/particles/explosion_grayscale_80.png" type="Texture" id=45]
[ext_resource path="res://Assets/particles/explosion_grayscale_82.png" type="Texture" id=46]
[ext_resource path="res://Assets/particles/explosion_grayscale_81.png" type="Texture" id=47]
[ext_resource path="res://Assets/particles/explosion_grayscale_83.png" type="Texture" id=48]
[ext_resource path="res://Assets/particles/explosion_grayscale_84.png" type="Texture" id=49]
[ext_resource path="res://Assets/particles/explosion_grayscale_64.png" type="Texture" id=50]
[ext_resource path="res://Assets/particles/explosion_grayscale_67.png" type="Texture" id=51]
[ext_resource path="res://Assets/particles/explosion_grayscale_71.png" type="Texture" id=52]
[ext_resource path="res://Assets/particles/explosion_grayscale_72.png" type="Texture" id=53]
[ext_resource path="res://Assets/particles/explosion_grayscale_55.png" type="Texture" id=54]
[ext_resource path="res://Assets/particles/explosion_grayscale_61.png" type="Texture" id=55]
[ext_resource path="res://Assets/particles/explosion_grayscale_66.png" type="Texture" id=56]
[ext_resource path="res://Assets/particles/explosion_grayscale_56.png" type="Texture" id=57]
[ext_resource path="res://Assets/particles/explosion_grayscale_57.png" type="Texture" id=58]
[ext_resource path="res://Assets/particles/explosion_grayscale_60.png" type="Texture" id=59]
[ext_resource path="res://Assets/particles/explosion_grayscale_62.png" type="Texture" id=60]
[ext_resource path="res://Assets/particles/explosion_grayscale_59.png" type="Texture" id=61]
[ext_resource path="res://Assets/particles/explosion_grayscale_58.png" type="Texture" id=62]
[ext_resource path="res://Assets/particles/explosion_grayscale_63.png" type="Texture" id=63]
[ext_resource path="res://Assets/particles/explosion_grayscale_65.png" type="Texture" id=64]
[ext_resource path="res://Assets/particles/explosion_grayscale_68.png" type="Texture" id=65]
[ext_resource path="res://Assets/particles/explosion_grayscale_69.png" type="Texture" id=66]
[ext_resource path="res://Assets/particles/explosion_grayscale_70.png" type="Texture" id=67]

[sub_resource type="SpriteFrames" id=1]
animations = [ {
"frames": [ ExtResource( 11 ), ExtResource( 7 ) ],
"loop": true,
"name": "Hurt",
"speed": 4.57
}, {
"frames": [ ExtResource( 5 ), ExtResource( 7 ), ExtResource( 4 ), ExtResource( 6 ) ],
"loop": true,
"name": "Idle",
"speed": 5.0
}, {
"frames": [ ExtResource( 19 ), ExtResource( 20 ), ExtResource( 27 ), ExtResource( 22 ), ExtResource( 21 ), ExtResource( 23 ), ExtResource( 24 ), ExtResource( 25 ), ExtResource( 26 ), ExtResource( 18 ), ExtResource( 31 ), ExtResource( 28 ), ExtResource( 34 ), ExtResource( 29 ), ExtResource( 30 ), ExtResource( 32 ), ExtResource( 33 ), ExtResource( 35 ), ExtResource( 36 ), ExtResource( 37 ), ExtResource( 12 ), ExtResource( 13 ), ExtResource( 14 ), ExtResource( 15 ), ExtResource( 16 ), ExtResource( 17 ), ExtResource( 54 ), ExtResource( 57 ), ExtResource( 58 ), ExtResource( 62 ), ExtResource( 61 ), ExtResource( 59 ), ExtResource( 55 ), ExtResource( 60 ), ExtResource( 63 ), ExtResource( 50 ), ExtResource( 64 ), ExtResource( 56 ), ExtResource( 51 ), ExtResource( 65 ), ExtResource( 66 ), ExtResource( 67 ), ExtResource( 52 ), ExtResource( 53 ), ExtResource( 42 ), ExtResource( 38 ), ExtResource( 43 ), ExtResource( 39 ), ExtResource( 40 ), ExtResource( 41 ), ExtResource( 44 ), ExtResource( 45 ), ExtResource( 47 ), ExtResource( 46 ), ExtResource( 48 ), ExtResource( 49 ) ],
"loop": true,
"name": "Death",
"speed": 55.31
}, {
"frames": [ ExtResource( 3 ), ExtResource( 8 ), ExtResource( 2 ), ExtResource( 1 ) ],
"loop": true,
"name": "Run",
"speed": 5.0
} ]

[sub_resource type="RectangleShape2D" id=2]
extents = Vector2( 11.604, 14.8971 )

[sub_resource type="CircleShape2D" id=3]
radius = 176.726

[sub_resource type="RectangleShape2D" id=4]
extents = Vector2( 11.9571, 15.4477 )

[node name="Demon" type="KinematicBody2D"]
light_mask = 3
collision_layer = 4
collision_mask = 7
script = ExtResource( 9 )
__meta__ = {
"_edit_group_": true
}

[node name="AnimatedSprite" type="AnimatedSprite" parent="."]
position = Vector2( -0.794601, -3.44326 )
frames = SubResource( 1 )
animation = "Idle"
flip_h = true

[node name="CollisionShape2D" type="CollisionShape2D" parent="."]
visible = false
shape = SubResource( 2 )

[node name="PlayerDetect" type="Area2D" parent="."]
visible = false
collision_layer = 0
collision_mask = 2

[node name="CollisionShape2D" type="CollisionShape2D" parent="PlayerDetect"]
shape = SubResource( 3 )

[node name="PlayerCollision" type="Area2D" parent="."]
visible = false
collision_layer = 0
collision_mask = 2
script = ExtResource( 10 )

[node name="CollisionShape2D" type="CollisionShape2D" parent="PlayerCollision"]
shape = SubResource( 4 )

[node name="invincibilityTimer" type="Timer" parent="."]
wait_time = 0.8

[connection signal="animation_finished" from="AnimatedSprite" to="." method="_on_AnimatedSprite_animation_finished"]
[connection signal="body_entered" from="PlayerDetect" to="." method="_on_PlayerDetect_body_entered"]
[connection signal="body_exited" from="PlayerDetect" to="." method="_on_PlayerDetect_body_exited"]
[connection signal="timeout" from="invincibilityTimer" to="." method="_on_invincibilityTimer_timeout"]
