[gd_scene load_steps=18 format=2]

[ext_resource path="res://Assets/player/elf_m_idle_anim_f2.png" type="Texture" id=1]
[ext_resource path="res://Assets/player/elf_m_idle_anim_f3.png" type="Texture" id=2]
[ext_resource path="res://Assets/player/elf_m_idle_anim_f0.png" type="Texture" id=3]
[ext_resource path="res://Assets/player/elf_m_idle_anim_f1.png" type="Texture" id=4]
[ext_resource path="res://Assets/player/elf_m_run_anim_f3.png" type="Texture" id=5]
[ext_resource path="res://Assets/player/elf_m_run_anim_f0.png" type="Texture" id=6]
[ext_resource path="res://Assets/player/elf_m_run_anim_f2.png" type="Texture" id=7]
[ext_resource path="res://Assets/player/elf_m_run_anim_f1.png" type="Texture" id=8]
[ext_resource path="res://Scripts/Player.gd" type="Script" id=9]
[ext_resource path="res://Assets/player/elf_m_hit_anim_f0.png" type="Texture" id=10]
[ext_resource path="res://Scenes/PlayerHUD.tscn" type="PackedScene" id=11]
[ext_resource path="res://Assets/player/elf_m_hit_anim_f1.png" type="Texture" id=12]
[ext_resource path="res://Assets/light.png" type="Texture" id=13]
[ext_resource path="res://Scenes/Menu.tscn" type="PackedScene" id=14]
[ext_resource path="res://Assets/audio/footstep00.ogg" type="AudioStream" id=15]

[sub_resource type="SpriteFrames" id=1]
animations = [ {
"frames": [ ExtResource( 12 ), ExtResource( 10 ) ],
"loop": true,
"name": "Hurt",
"speed": 3.65
}, {
"frames": [ ExtResource( 6 ), ExtResource( 8 ), ExtResource( 7 ), ExtResource( 5 ) ],
"loop": true,
"name": "Move",
"speed": 10.0
}, {
"frames": [ ExtResource( 4 ), ExtResource( 1 ), ExtResource( 2 ), ExtResource( 3 ) ],
"loop": true,
"name": "Idle",
"speed": 5.0
} ]

[sub_resource type="RectangleShape2D" id=2]
extents = Vector2( 7.70525, 9.0048 )

[node name="Player" type="KinematicBody2D"]
light_mask = 2
position = Vector2( -0.834282, -5.83992 )
collision_layer = 2
collision_mask = 5
script = ExtResource( 9 )
__meta__ = {
"_edit_group_": true
}

[node name="AnimatedSprite" type="AnimatedSprite" parent="."]
frames = SubResource( 1 )
animation = "Hurt"
frame = 1

[node name="CollisionShape2D" type="CollisionShape2D" parent="."]
position = Vector2( 0.210228, 4.95168 )
shape = SubResource( 2 )
__meta__ = {
"_edit_group_": true
}

[node name="Camera2D" type="Camera2D" parent="."]
current = true
zoom = Vector2( 0.697, 0.697 )
__meta__ = {
"_edit_group_": true
}

[node name="CanvasLayer" parent="." instance=ExtResource( 11 )]

[node name="InvincibilityTimer" type="Timer" parent="."]
wait_time = 1.2
one_shot = true

[node name="ThrowTimer" type="Timer" parent="."]
wait_time = 0.3
one_shot = true

[node name="DashDuration" type="Timer" parent="."]
wait_time = 0.3
one_shot = true

[node name="DashTimer" type="Timer" parent="."]
wait_time = 0.4

[node name="Light2D" type="Light2D" parent="."]
texture = ExtResource( 13 )
shadow_enabled = true

[node name="Menu" parent="." instance=ExtResource( 14 )]

[node name="footstep" type="AudioStreamPlayer" parent="."]
stream = ExtResource( 15 )
volume_db = -37.44

[connection signal="timeout" from="InvincibilityTimer" to="." method="_on_InvincibilityTimer_timeout"]
[connection signal="timeout" from="ThrowTimer" to="." method="_on_ThrowTimer_timeout"]
[connection signal="timeout" from="DashDuration" to="." method="_on_DashDuration_timeout"]
[connection signal="timeout" from="DashTimer" to="." method="_on_DashTimer_timeout"]
